%refs phd thesis - project

 @INCOLLECTION{Delamaro:2016,
  author = {M. E. Delamaro and J. C. Maldonado and M. Jino},
  title = {Conceitos Básicos},
  editor = {M. E. Delamaro and J. C. Maldonado and M. Jino},
  booktitle = {Introdução ao Teste de Software},
  chapter = {1},
  pages = {1-8},
  publisher = {Elsevier},
  address = {Rio de Janeiro, Brasil},
  year = {2016},
  owner = {Delamaro},
  timestamp = {10/02/2018}
}

 @INCOLLECTION{Hetzel:1987,
  author = {W. Hetzel},
  title = {O que é Teste de Software: Introdução},
  editor = {W. Hetzel},
  booktitle = {Guia Completo ao Teste de Software},
  chapter = {1},
  pages = {3-17},
  publisher = {Campus LTDA},
  address = {Rio de Janeiro, Brasil},
  year = {1987},
  owner = {marcos},
  timestamp = {06/02/2018}
}

@article{Garousi:2020,
author = {Garousi, Vahid and Felderer, Michael and Kuhrmann, Marco and HerkiloÄŸlu, Kadir and Eldh, Sigrid},
title = {Exploring the industry's challenges in software testing: An empirical study},
journal = {Journal of Software: Evolution and Process},
volume = {32},
number = {8},
pages = {1-23},
year = {2020}
}

@article{GAROUSI2019,
    title = "Aligning software engineering education with industrial needs: A meta-analysis",
    journal = "Journal of Systems and Software",
    volume = "156",
    pages = "65 - 83",
    year = "2019",
    author = "Vahid Garousi and Görkem Giray and Eray Tüzün and Cagatay Catal and Michael Felderer",
}

@inproceedings{Radermacher:2013,
    author = {Radermacher, Alex and Walia, Gursimran},
    title = {Gaps between Industry Expectations and the Abilities of Graduates},
    year = {2013},
    booktitle = {ACM Technical Symposium on Computer Science Education},
    pages = {525–530},
}

@article{benitti2018,
  title={A methodology to define learning objects granularity: a case study in software testing},
  author={Benitti, Fabiane Barreto Vavassori and others},
  journal={Informatics in Education-An International Journal},
  volume={17},
  number={1},
  pages={1--20},
  year={2018},
}

@article{dias2017,
  title={Toward the characterization of software testing practices in South America: looking at Brazil and Uruguay},
  author={Dias-Neto, Arilo Claudio and Matalonga, Santiago and Solari, Mart{\'\i}n and Robiolo, Gabriela and Travassos, Guilherme Horta},
  journal={Software Quality Journal},
  volume={25},
  number={4},
  pages={1145--1183},
  year={2017},
}

@INPROCEEDINGS{Sherif:2020,
  author={E. Sherif and A. Liu and B. Nguyen and S. Lerner and W. G. Griswold},
  booktitle={Conference on Software Engineering Education and Training}, 
  title={Gamification to Aid the Learning of Test Coverage Concepts}, 
  year={2020},
  pages={320--324},
  }

@misc{Baker:2018,
  author       = {J. Baker}, 
  title        = {2018's Software Engineering Talent Shortage— It’s quality, not just quantity},
  howpublished = {Disponível em: http://bit.ly/2M8jG71},
  month        = 11,
  year         = 2017,
  note         = {Acesso em janeiro de 2021}
}

@ARTICLE{8664487,  
    author={V. Garousi and G. Giray and E. Tuzun and C. Catal and M. Felderer},  
    journal={IEEE Software},
    title={Closing the Gap Between Software Engineering Education and Industrial Needs}, 
    year={2020},  
    volume={37}, 
    number={2}, 
    pages={68-77},
}

@inproceedings{Fraser:2018,
    author = {Fraser, Gordon and Gambi, Alessio and Rojas, Jos\'{e} Miguel},
    title = {A Preliminary Report on Gamifying a Software Testing Course with the Code Defenders Testing Game},
    year = {2018},
    booktitle = {European Conference of Software Engineering Education},
    pages = {50–54},
}

@inproceedings{Paschoal:2018,
author = {Paschoal, Leo Natan and de Souza, Simone do Rocio Senger},
title = {A Survey on Software Testing Education in Brazil},
year = {2018},
booktitle = {Brazilian Symposium on Software Quality},
pages = {334–343},
}

@inproceedings{Tiwari:2018,
author = {Tiwari, Saurabh and Saini, Veena and Singh, Paramvir and Sureka, Ashish},
title = {A Case Study on the Application of Case-Based Learning in Software Testing},
year = {2018},
booktitle = {Innovations in Software Engineering Conference},
pages={1-5},
}
 
 @INPROCEEDINGS{Astigarraga:2010,
  author={T. Astigarraga and E. M. Dow and C. Lara and R. Prewitt and M. R. Ward},
  booktitle={IEEE Transforming Engineering Education}, 
  title={The Emerging Role of Software Testing in Curricula}, 
  year={2010},
  pages={1-26},
  }
 
 @INPROCEEDINGS{Praphamontripong:2020,
  author={U. Praphamontripong and M. Floryan and R. Ritzo},
  booktitle={IEEE International Conference on Software Testing, Verification and Validation Workshops}, 
  title={A Preliminary Report on Hands-On and Cross-Course Activities in a College Software Testing Course}, 
  year={2020},
  pages={445-451},
  }
  
@article{Deak:2016,
title = "Challenges and strategies for motivating software testing personnel",
journal = "Information and Software Technology",
volume = "73",
pages = "1 - 15",
year = "2016",
author = "Anca Deak and Tor StÃ¥lhane and Guttorm Sindre",
}

@article{Jesus:2020,
  title={Is It Worth Using Gamification on Software Testing Education? An Extended Experience Report in the Context of Undergraduate Students},
  author={de Jesus, Gabriela Martins and Ferrari, Fabiano Cutigi and Paschoal, Leo Natan and de Souza, Simone do Rocio Senger and de Paula Porto, Daniel and Durelli, Vinicius Humberto Serapilha},
  journal={Journal of Software Engineering Research and Development},
  volume={8},
  pages={6--1},
  year={2020}
}

@inproceedings{Jesus:2019,
author = {de Jesus, Gabriela Martins and Paschoal, Leo Natan and Ferrari, Fabiano Cutigi and Souza, Simone R. S.},
title = {Is It Worth Using Gamification on Software Testing Education? An Experience Report},
year = {2019},
booktitle = {Brazilian Symposium on Software Quality},
pages = {178–187},
}

@article{Garousi2020:edu,
  title={Software-testing education: A systematic literature mapping},
  author={Garousi, Vahid and Rainer, Austen and Lauv{\aa}s Jr, Per and Arcuri, Andrea},
  journal={Journal of Systems and Software},
  volume={165},
  pages={1-34},
  year={2020},
}

@ARTICLE{Wang:2011,
  author={M. Wang and H. Jia and V. Sugumaran and W. Ran and J. Liao},
  journal={IEEE Transactions on Education}, 
  title={A Web-Based Learning System for Software Test Professionals}, 
  year={2011},
  volume={54},
  number={2},
  pages={263-272},
  }
  
@inproceedings{Clarke:2011,
author = {Clarke, Peter J. and Pava, Jairo and Wu, Yali and King, Tariq M.},
title = {Collaborative Web-Based Learning of Testing Tools in SE Courses},
year = {2011},
booktitle = {ACM Technical Symposium on Computer Science Education},
pages = {147–152},
}

@article{Clarke:2014,
author = {Clarke, Peter J. and Davis, Debra and King, Tariq M. and Pava, Jairo and Jones, Edward L.},
title = {Integrating Testing into Software Engineering Courses Supported by a Collaborative Learning Environment},
year = {2014},
volume = {14},
number = {3},
journal = {ACM Transactions on Computing Education},
month = oct,
numpages = {1--33},
}

@Inbook{Wang:2018,
author="Wang, Minhong",
title="A Web-Based System for KPI-Based Workplace Learning",
bookTitle="E-Learning in the Workplace: A Performance-Oriented Approach Beyond Technology",
year="2018",
publisher="Springer International Publishing",
address="Cham",
pages="129--138",
}

@InProceedings{Enoiu:2020,
    author="Enoiu, Eduard Paul",
    editor="Bruel, Jean-Michel
    and Capozucca, Alfredo
    and Mazzara, Manuel
    and Meyer, Bertrand
    and Naumchev, Alexandr
    and Sadovykh, Andrey",
    title="Teaching Software Testing to Industrial Practitioners Using Distance and Web-Based Learning",
    booktitle="Frontiers in Software Engineering Education",
    year="2020",
    publisher="Springer International Publishing",
    address="Cham",
    pages="73--87",
}

@article {McKimm:2003,
	author = {McKimm, Judy and Jollie, Carol and Cantillon, Peter},
	title = {Web based learning},
	volume = {326},
	number = {7394},
	pages = {870--873},
	year = {2003},
	publisher = {BMJ Publishing Group Ltd},
	issn = {0959-8138},
	journal = {BMJ}
}

@article{Martin:2012,
  title={Will massive open online courses change how we teach?},
  author={Martin, Fred G},
  journal={Communications of the ACM},
  volume={55},
  number={8},
  pages={26--28},
  year={2012},
}

@INPROCEEDINGS{Prates:2018,
  author={J. M. Prates and R. E. Garcia and J. C. Maldonado},
  booktitle={ IEEE Frontiers in Education Conference}, 
  title={MOOCs on the Context of Software Engineering Teaching and Training: Trends and Challenges}, 
  year={2018},
  pages={1-9},
  }
  
@INPROCEEDINGS{Aguirre:2018,
  author={C. C. Aguirre and C. D. Kloos and C. Alario-Hoyos and P. J. Muñoz-Merino},
  booktitle={International Symposium on Computers in Education}, 
  title={Supporting a MOOC through a Conversational Agent. Design of a First Prototype}, 
  year={2018},
  pages={1-6},
 }
 
@inproceedings{Paschoal:2019,
author = {Paschoal, Leo Natan and Turci, Lucas Fernandes and Conte, Tayana Uch\^{o}a and Souza, Simone R. S.},
title = {Towards a Conversational Agent to Support the Software Testing Education},
year = {2019},
booktitle = {Brazilian Symposium on Software Engineering},
pages = {57–66},
}

@InProceedings{Tegos:2019,
author="Tegos, Stergios
and Demetriadis, Stavros
and Psathas, Georgios
and Tsiatsos, Thrasyvoulos",
editor="F{\o}lstad, Asbj{\o}rn
and Araujo, Theo
and Papadopoulos, Symeon
and Law, Effie Lai-Chong
and Granmo, Ole-Christoffer
and Luger, Ewa
and Brandtzaeg, Petter Bae",
title="A Configurable Agent to Advance Peers' Productive Dialogue in MOOCs",
booktitle="Chatbot Research and Design",
year="2020",
publisher="Springer International Publishing",
address="Cham",
pages="245--259",
}

@article{Dale:2016, 
    title={The return of the chatbots}, 
    volume={22},
    number={5},
    journal={Natural Language Engineering},
    publisher={Cambridge University Press}, 
    author={Dale, R.},
    year={2016},
    pages={811–817}
}

@INPROCEEDINGS{Paschoal:2020FIE,
  author={L. N. Paschoal and A. Loureiro Krassmann and F. B. Nunes and M. Morais de Oliveira and M. Bercht and E. F. Barbosa and S. do Rocio Senger de Souza},
  booktitle={IEEE Frontiers in Education Conference}, 
  title={A Systematic Identification of Pedagogical Conversational Agents}, 
  year={2020},
  pages={1-9},}
  
@article{Montenegro:2019,
title = "Survey of conversational agents in health",
journal = "Expert Systems with Applications",
volume = "129",
pages = "56 - 67",
year = "2019",
author = "Joao Luis Zeni Montenegro and Cristiano André da Costa and Rodrigo da Rosa Righi",
}  

@article{cassell2000,
  title={Embodied conversational interface agents},
  author={Cassell, Justine},
  journal={Communications of the ACM},
  volume={43},
  number={4},
  pages={70--78},
  year={2000},
}

@article{Bavaresco:2020,
title = "Conversational agents in business: A systematic literature review and future research directions",
journal = "Computer Science Review",
volume = "36",
pages = "1-14",
year = "2020",
author = "Rodrigo Bavaresco and Diórgenes Silveira and Eduardo Reis and Jorge Barbosa and Rodrigo Righi and Cristiano Costa and Rodolfo Antunes and Marcio Gomes and Clauter Gatti and Mariangela Vanzin and Saint Clair Junior and Elton Silva and Carlos Moreira",
}

@article{Alario:2014,
  title={Proposal for a conceptual framework for educators to describe and design MOOCs},
  author={Alario-Hoyos, Carlos and P{\'e}rez Sanagust{\'\i}n, Mar and Cormier, Dave and Delgado Kloos, Carlos},
  year={2014},
  journal= {Journal of Universal Computer Science},
  volume = {20},
  pages= {6-23},
}

@ARTICLE{Rasheed:2019,
  author={R. A. Rasheed and A. Kamsin and N. A. Abdullah and A. Zakari and K. Haruna},
  journal={IEEE Access}, 
  title={A Systematic Mapping Study of the Empirical MOOC Literature}, 
  year={2019},
  volume={7},
  pages={124809-124827},
  }
  
@article{Sallam:2020,
  title={Research trends in language MOOC studies: a systematic review of the published literature (2012-2018)},
  author={Sallam, Marwan H and Mart{\'\i}n-Monje, Elena and Li, Yan},
  journal={Computer Assisted Language Learning},
  pages={1--28},
  year={2020},
  publisher={Taylor \& Francis}
}

@article{Car:2020,
  title={Conversational agents in health care: Scoping review and conceptual analysis},
  author={Car, Lorainne Tudor and Dhinagaran, Dhakshenya Ardhithy and Kyaw, Bhone Myint and Kowatsch, Tobias and Rayhan, Joty Shafiq and Theng, Yin Leng and Atun, Rifat},
  journal={Journal of medical Internet research},
  volume={22},
  number={8},
  pages={1-21},
  year={2020},
}

@article{Laranjo:2018,
  title={Conversational agents in healthcare: a systematic review},
  author={Laranjo, Liliana and Dunn, Adam G and Tong, Huong Ly and Kocaballi, Ahmet Baki and Chen, Jessica and Bashir, Rabia and Surian, Didi and Gallego, Blanca and Magrabi, Farah and Lau, Annie YS and others},
  journal={Journal of the American Medical Informatics Association},
  volume={25},
  number={9},
  pages={1248--1258},
  year={2018},
}

@inproceedings{Sciuto:2018,
author = {Sciuto, Alex and Saini, Arnita and Forlizzi, Jodi and Hong, Jason I.},
title = {"Hey Alexa, What's Up?": A Mixed-Methods Studies of In-Home Conversational Agent Usage},
year = {2018},
booktitle = {Designing Interactive Systems Conference},
pages = {857–868},
}

@inproceedings{Macias:2012,
  title={Coherent topic transition in a conversational agent},
  author={Macias-Galindo, Daniel and Wong, Wilson and Cavedon, Lawrence and Thangarajah, John},
  booktitle={Annual Conference of the International Speech Communication Association},
  year={2012}
}

@inbook{Winkler:2020,
    author = {Winkler, Rainer and Hobert, Sebastian and Salovaara, Antti and S\"{o}llner, Matthias and Leimeister, Jan Marco},
    title = {Sara, the Lecturer: Improving Learning in Online Education with a Scaffolding-Based Conversational Agent},
    year = {2020},
    booktitle = {Conference on Human Factors in Computing Systems},
    pages = {1–14},
}

@INPROCEEDINGS{Moreno:2016,
  author={S. Tamayo-Moreno and D. Pérez-Marín},
  booktitle={International Symposium on Computers in Education}, 
  title={Adapting the design and the use methodology of a pedagogical conversational agent of secondary education to childhood education}, 
  year={2016},
  pages={1-6},
  }
  
@InProceedings{Tegos:2020,
    author="Tegos, Stergios
    and Psathas, Georgios
    and Tsiatsos, Thrasyvoulos
    and Katsanos, Christos
    and Karakostas, Anastasios
    and Tsibanis, Costas
    and Demetriadis, Stavros",
    editor="Kumar, Vivekanandan
    and Troussas, Christos",
    title="Enriching Synchronous Collaboration in Online Courses with Configurable Conversational Agents",
    booktitle="Intelligent Tutoring Systems",
    year="2020",
    publisher="Springer International Publishing",
    pages="284--294",
}

@article{Krassmann:2018,
  title={Conversational agents in distance education: Comparing mood states with students’ perception},
  author={Krassmann, Aliane Loureiro and Paz, F{\'a}bio Josende and Silveira, Cl{\'o}vis and Tarouco, Liane Margarida Rockenbach and Bercht, Magda and others},
  journal={Creative Education},
  volume={9},
  number={11},
  pages={1726--1742},
  year={2018},
}

@INPROCEEDINGS{Moraes:2019,
      author={A. J. Moraes{ }Neto and M. A. Fernandes},
      booktitle={International Conference on Advanced Learning Technologies}, 
      title={Chatbot and Conversational Analysis to Promote Collaborative Learning in Distance Education}, 
      year={2019},
      pages={324-326}
  }
  
 @article{Ochs:2017,
    author = {Ochs, Magalie and Pelachaud, Catherine and Mckeown, Gary},
    title = {A User Perception--Based Approach to Create Smiling Embodied Conversational Agents},
    year = {2017},
    volume = {7},
    number = {1},
    journal = {ACM Transactions on Interactive Intelligent Systems},
    month = jan,
    pages= {4-33}
}

@inproceedings{Kerry:2008,
  title={Conversational agents in E-Learning},
  author={Kerry, Alice and Ellis, Richard and Bull, Susan},
  booktitle={International conference on innovative techniques and applications of artificial intelligence},
  pages={169--182},
  year={2008},
  organization={Springer}
}

@INPROCEEDINGS{Fraser:2020,
  author={G. Fraser and A. Gambi and J. M. Rojas},
  booktitle={International Conference on Software Testing, Verification and Validation Workshops}, 
  title={Teaching Software Testing with the Code Defenders Testing Game: Experiences and Improvements}, 
  year={2020},
  pages={461-464},
  }
 

@MASTERSTHESIS{Paschoal:2019dissertacao,
  author = {Leo Natan Paschoal},
  title = {Contribuições ao Ensino de Teste de Software com o Modelo Flipped Classroom e um Agente Conversacional},
  school = {Instituto de Ciências Matemáticas e de Computação, Universidade de São Paulo},
  year = {2019},
  address = {São Carlos, SP, Brasil},
  owner = {LEO},
  timestamp = {11/05/2019}
}


@inproceedings{Wambsganss:2020,
    author = {Wambsganss, Thiemo and Winkler, Rainer and S\"{o}llner, Matthias and Leimeister, Jan Marco},
    title = {A Conversational Agent to Improve Response Quality in Course Evaluations},
    year = {2020},
    booktitle = {Conference on Human Factors in Computing Systems},
    pages = {1–9},
}

@INPROCEEDINGS{8289883,
        author={H. N. Io and C. B. Lee}, 
        booktitle={International Conference on Industrial Engineering and Engineering Management}, 
        title={Chatbots and conversational agents: A bibliometric analysis},  
        year={2017},
        pages={215-219},
}

@inproceedings{bernardini2018,
      title={Chatbots: An Analysis of the State of Art of Literature},
      author={Bernardini, Andr{\'e}ia Ana and S{\^o}nego, Arildo A and Pozzebon, Eliane},
      booktitle={Workshop on Advanced Virtual Environments and Education},
      pages={1--6},
      year={2018}
}

@article{kuyven2018,
      title={Chatbots na educação: uma Revisão Sistemática da Literatura},
      author={Kuyven, N. L. and Antunes, C. A. and Vanzin, V. J. B. and  Silva, J. L. T. and Krassmann, A. L. and Tarouco, L. M. R.},
      journal={RENOTE - Revista Novas Tecnologias na Educa{\c{c}}{\~a}o},
      volume={16},
      number={1},
      year={2018},
      pages={123--132},
}

@mastersthesis{roos2018,
      author       = {S. Roos}, 
      title        = {Chatbots in education},
      subtitle     = {A passing trend or a valuable pedagogical tool?},
      school       = {Uppsala University, Disciplinary Domain of Humanities and Social Sciences, Faculty of Social Sciences, Department of Informatics and Media.},
      year         = 2018,
      address      = {Uppsala, Sweden},
}

@inproceedings{winkler2018,
      title={Unleashing the potential of chatbots in education: A state-of-the-art analysis},
      author={Winkler, R. and S{\"o}llner, M.},
      year={2018},
      booktitle = {Academy of Management Annual Meeting},
      pages={1-40},  
}

@article{hobert2019,
      title={How Are You, Chatbot? Evaluating Chatbots in Educational Settings},
      subtitle={Results of a Literature Review},
      author={Hobert, S.},
      journal={Lecture Notes in Informatics },
      year={2019},
      pages={259--270},
      volume={17},
}

@inproceedings{paschoalframework,
  title={A Framework to support the Experimental Evaluation Process of the Pedagogical Conversational Systems},
  author={Paschoal, Leo Natan},
   booktitle={Ibero-American Conference on Software Engineering},
    pages={1--8},
    year={2020},
}

@inproceedings{wambsganss2020,
  title={A Conversational Agent to Improve Response Quality in Course Evaluations},
  author={Wambsganss, Thiemo and Winkler, Rainer and S{\"o}llner, Matthias and Leimeister, Jan Marco},
  booktitle={Conference on Human Factors in Computing Systems},
  pages={1--9},
  year={2020}
}

@article{goh2007,
  title={A black-box approach for response quality evaluation of conversational agent systems},
  author={Goh, Ong Sing and Ardil, Cemal and Wong, Wilson and Fung, Chun Che},
  journal={International Journal of Computational Intelligence},
  volume={3},
  number={3},
  pages={195--203},
  year={2007},
}

@article{radziwill2017,
      title={Evaluating quality of chatbots and intelligent conversational agents},
      author={Radziwill, N. M. and Benton, M. C.},
      journal={Software Quality Professional},
      volume={19},
      number={3},
      pages={25--36},
      year={2017}
}

@inproceedings{Ruane:2018,
    author = {Ruane, Elayne and Faure, Th\'{e}o and Smith, Ross and Bean, Dan and Carson-Berndsen, Julie and Ventresque, Anthony},
    title = {BoTest: A Framework to Test the Quality of Conversational Agents Using Divergent Input Examples},
    year = {2018},
    booktitle = {International Conference on Intelligent User Interfaces Companion},
    pages={1--2},
}

@inproceedings{kaleem2016,
  title={Framework for the formulation of metrics for conversational agent evaluation},
  author={Kaleem, Mohammed and Alobadi, Omar and O’Shea, James and Crockett, Keeley},
  booktitle={Workshop on Collecting and Generating Resources for Chatbots and Conversational Agents-Development and Evaluation},
  pages={20--23},
  year={2016}
}

@inproceedings{Jain:2018,
    author = {Jain, Mohit and Kumar, Pratyush and Kota, Ramachandra and Patel, Shwetak N.},
    title = {Evaluating and Informing the Design of Chatbots},
    year = {2018},
    booktitle = {Designing Interactive Systems Conference},
    pages = {895–906},
}

@article{abdul2015,
  title={Survey on chatbot design techniques in speech conversation systems},
  author={S, A. Abdul-Kader and J. Woods},
  journal={International Journal of Advanced Computer Science and Applications},
  volume={6},
  number={7},
  year={2015},
  pages={72--80},
}

@article{abushawar2016,
  title={Usefulness, localizability, humanness, and language-benefit: additional evaluation criteria for natural language dialogue systems},
  author={AbuShawar, Bayan and Atwell, Eric},
  journal={International Journal of Speech Technology},
  volume={19},
  number={2},
  pages={373--383},
  year={2016},
}

@article{Ren:2019,
    author = {Ren, Ranci and Castro, John W. and AcuÃ±a, Silvia T. and de Lara, Juan},
    title = {Evaluation Techniques for Chatbot Usability: A Systematic Mapping Study},
    journal = {International Journal of Software Engineering and Knowledge Engineering},
    volume = {29},
    number = {11n12},
    pages = {1673-1702},
    year = {2019},
}

@inproceedings{jadeja2017,
      title={Perspectives for evaluating conversational AI},
      author={Jadeja, Mahipal and Varia, Neelanshi},
      booktitle= {Search-Oriented Conversational AI},
      year={2017},
      pages={1-6},
}

@article{deriu2020,
      title={Survey on evaluation methods for dialogue systems},
      author={Deriu, Jan and Rodrigo, Alvaro and Otegi, Arantxa and Echegoyen, Guillermo and Rosset, Sophie and Agirre, Eneko and Cieliebak, Mark},
      journal={Artificial Intelligence Review},
      pages={755–810},
      year={2020},
      volume={54},
}

@inproceedings{Ultes:2013,
    title = "On Quality Ratings for Spoken Dialogue Systems {--} Experts vs. Users",
    author = "Ultes, Stefan  and
      Schmitt, Alexander  and
      Minker, Wolfgang",
    booktitle = "Conference of the North {A}merican Chapter of the Association for Computational Linguistics: Human Language Technologies",
    year = "2013",
    publisher = "Association for Computational Linguistics",
    pages = "569--578",
}

@Inbook{Voorhees2008,
    author="Voorhees, Ellen M.",
    editor="Strzalkowski, Tomek
    and Harabagiu, Sanda M.",
    title="Evaluating Question Answering System Performance",
    bookTitle="Advances in Open Domain Question Answering",
    year="2008",
    publisher="Springer Netherlands",
    pages="409--430",
}

@Inbook{Sugiyama2019,
    author="Sugiyama, Hiroaki
    and Meguro, Toyomi
    and Higashinaka, Ryuichiro",
    editor="Eskenazi, Maxine
    and Devillers, Laurence
    and Mariani, Joseph",
    title="Automatic Evaluation of Chat-Oriented Dialogue Systems Using Large-Scale Multi-references",
    bookTitle="International Workshop on Spoken Dialog Systems",
    year="2019",
    publisher="Springer International Publishing",
    pages="15--25",
}

@article{SCHMITT201512,
    title = {Interaction Quality: Assessing the quality of ongoing spoken dialog interaction by experts - And how it relates to user satisfaction},
    journal = {Speech Communication},
    volume = {74},
    pages = {12-36},
    year = {2015},
    author = {Alexander Schmitt and Stefan Ultes},
}

@inproceedings{liu:2016,
    title = "How {NOT} To Evaluate Your Dialogue System: An Empirical Study of Unsupervised Evaluation Metrics for Dialogue Response Generation",
    author = "Liu, Chia-Wei  and
      Lowe, Ryan  and
      Serban, Iulian  and
      Noseworthy, Mike  and
      Charlin, Laurent  and
      Pineau, Joelle",
    booktitle = "Conference on Empirical Methods in Natural Language Processing",
    year = "2016",
    pages = "2122--2132",
}

@article{kim2020,
  title={My teacher is a machine: Understanding students’ perceptions of AI teaching assistants in online education},
  author={Kim, Jihyun and Merrill, Kelly and Xu, Kun and Sellnow, Deanna D},
  journal={International Journal of Human--Computer Interaction},
  volume={36},
  number={20},
  pages={1902--1911},
  year={2020},
}

@book{Wohlin,
      author    = {Wohlin, C. and Runeson, P. and Hst, M. and Ohlsson, M. C. and Regnell, B. and Wessln, A.}, 
      title     = {Experimentation in Software Engineering},
      publisher = {Springer-Verlag Berlin Heidelberg},
      edition   = 1,
      year      = 2012,
      address   = {Heidelberg, Germany},
}

@INPROCEEDINGS{493439,
  author={V. R. Basili},
  booktitle={International Conference on Software Engineering}, 
  title={The role of experimentation in software engineering: past, current, and future}, 
  year={1996},
  pages={442-449},
  }

@inproceedings{Shull,
    author = {Shull, Forrest and Carver, Jeffrey and Travassos, Guilherme H.},
    title = {An Empirical Methodology for Introducing Software Processes},
    year = {2001},
    booktitle = {ACM SIGSOFT International Symposium on Foundations of Software Engineering},
    pages = {288–296},
}

@INPROCEEDINGS{Vos:2012,
  author={T. E. J. Vos and B. Marín and M. J. Escalona and A. Marchetto},
  booktitle={International Conference on Quality Software}, 
  title={A Methodological Framework for Evaluating Software Testing Techniques and Tools}, 
  year={2012},
  pages={230-239},
}
  
@inproceedings{Devanbu,
    author = {Devanbu, Prem and Zimmermann, Thomas and Bird, Christian},
    title = {Belief \& Evidence in Empirical Software Engineering},
    year = {2016},
    booktitle = {International Conference on Software Engineering},
    pages = {108–119},
}

@article{SOLARI201864,
    title = {Content and structure of laboratory packages for software engineering experiments},
    journal = {Information and Software Technology},
    volume = {97},
    pages = {64-79},
    year = {2018},
    author = {Martín Solari and Sira Vegas and Natalia Juristo},
}

@inproceedings{Vegas,
    author = {Vegas, Sira},
    title = {Analyzing Software Engineering Experiments: Everything You Always Wanted to Know but Were Afraid to Ask},
    year = {2018},
    booktitle = {International Conference on Software Engineering},
    pages = {534–535},
}

@ARTICLE{Kitchenham:2002,
  author={B. A. Kitchenham and S. L. Pfleeger and L. M. Pickard and P. W. Jones and D. C. Hoaglin and K. El Emam and J. Rosenberg},
  journal={IEEE Transactions on Software Engineering}, 
  title={Preliminary guidelines for empirical research in software engineering}, 
  year={2002},
  volume={28},
  number={8},
  pages={721-734},
}
  
@ARTICLE{Basili:1998,
  author={V. R. Basili and F. Shull and F. Lanubile},
  journal={IEEE Transactions on Software Engineering}, 
  title={Building knowledge through families of experiments}, 
  year={1999},
  volume={25},
  number={4},
  pages={456-473},
}

@article{SHEPPERD2018120,
    title = {The role and value of replication in empirical software engineering results},
    journal = {Information and Software Technology},
    volume = {99},
    pages = {120-132},
    year = {2018},
    author = {Martin Shepperd and Nemitari Ajienka and Steve Counsell},
}

@incollection{juristo2010,
  title={Replication of software engineering experiments},
  author={Juristo, Natalia and G{\'o}mez, Omar S},
  booktitle={Empirical software engineering and verification},
  pages={60--88},
  year={2010},
  publisher={Springer}
}

@article{Carver:2014,
  author  = {Jeffrey C. Carver AND Natalia Juristo AND Maria Teresa Baldassarre AND Sira Vegas }, 
  title   = {Replications of software engineering experiments},
  journal = {Empirical Software Engineering},
  year    = 2014,
  pages   = {267–276},
  volume  = 19
}

@INPROCEEDINGS{Kitchenham:2004,
  author={B. A. Kitchenham and T. Dyba and M. Jorgensen},
  booktitle={International Conference on Software Engineering}, 
  title={Evidence-based software engineering}, 
  year={2004},
  pages={273-281},
}

@incollection{vegas2016can,
  title={What can go wrong in software engineering experiments?},
  author={Vegas, Sira and Juristo, Natalia},
  booktitle={Perspectives on Data Science for Software Engineering},
  pages={341--345},
  year={2016},
  publisher={Elsevier}
}

@inproceedings{Wright,
    author = {Wright, Hyrum K. and Kim, Miryung and Perry, Dewayne E.},
    title = {Validity Concerns in Software Engineering Research},
    year = {2010},
    booktitle = {FSE/SDP Workshop on Future of Software Engineering Research},
    pages = {411–414},
}

@ARTICLE{1514443,
  author={D. I. K. Sjoeberg and J. E. Hannay and O. Hansen and V. B. Kampenes and A. Karahasanovic and N. K. Liborg and A. C. Rekdal},
  journal={IEEE Transactions on Software Engineering}, 
  title={A survey of controlled experiments in software engineering}, 
  year={2005},
  volume={31},
  number={9},
  pages={733-753},
}
  
  @article{CELINO2020102410,
    title = {Submitting surveys via a conversational interface: An evaluation of user acceptance and approach effectiveness},
    journal = {International Journal of Human-Computer Studies},
    volume = {139},
    pages = {1-16},
    year = {2020},
    author = {Irene Celino and Gloria Re Calegari},
}

@article{liu2019cbet,
  title={CBET: design and evaluation of a domain-specific chatbot for mobile learning},
  author={Liu, Qingtang and Huang, Jingxiu and Wu, Linjing and Zhu, Ke and Ba, Shen},
  journal={Universal Access in the Information Society},
  pages={655–-673},
  year={2019},
  volume={19},
}

@article{FRYER2019279,
    title = {Chatbot learning partners: Connecting learning experiences, interest and competence},
    journal = {Computers in Human Behavior},
    volume = {93},
    pages = {279-289},
    year = {2019},
    author = {Luke K. Fryer and Kaori Nakao and Andrew Thompson},
}

@INPROCEEDINGS{9081419,
  author={F. A. J. Almahri and D. Bell and M. Merhi},
  booktitle={International Conference on Information Management}, 
  title={Understanding Student Acceptance and Use of Chatbots in the United Kingdom Universities: A Structural Equation Modelling Approach}, 
  year={2020},
  pages={284-288},
}

 @article{SMUTNY2020103862,
    title = {Chatbots for learning: A review of educational chatbots for the Facebook Messenger},
    journal = {Computers \& Education},
    volume = {151},
    pages = {1-11},
    year = {2020},
    author = {Pavel Smutny and Petra Schreiberova},
}


%SECAO DE PLANO DE TRABALHO

@article{abdul2015survey,
  title={Survey on chatbot design techniques in speech conversation systems},
  author={Abdul-Kader, S. A. and Woods, J.},
  journal={International Journal of Advanced Computer Science and Applications},
  volume={6},
  number={7},
  year={2015},
  pages={72-80},
}

@article{laranjo2018,
  title={Conversational agents in healthcare: a systematic review},
  author={Laranjo, Liliana and Dunn, Adam G and Tong, Huong Ly and Kocaballi, Ahmet Baki and Chen, Jessica and Bashir, Rabia and Surian, Didi and Gallego, Blanca and Magrabi, Farah and Lau, Annie YS and others},
  journal={Journal of the American Medical Informatics Association},
  volume={25},
  number={9},
  pages={1248--1258},
  year={2018}
}

@article{montenegro2019,
  title={Survey of conversational agents in health},
  author={Montenegro, Joao Luis Zeni and da Costa, Cristiano Andr{\'e} and da Rosa Righi, Rodrigo},
  journal={Expert Systems with Applications},
  year={2019},
  volume={129},
  pages={56 - 67},
}
@inproceedings{xu2017,
  title={A new chatbot for customer service on social media},
  author={Xu, Anbang and Liu, Zhe and Guo, Yufan and Sinha, Vibha and Akkiraju, Rama},
  booktitle={Conference on Human Factors in Computing Systems},
  pages={3506--3510},
  year={2017}
}

@inproceedings{io2017,
  title={Chatbots and conversational agents: A bibliometric analysis},
  author={Io, HN and Lee, CB},
  booktitle={International Conference on Industrial Engineering and Engineering Management},
  pages={215--219},
  year={2017},
}



@article{benotti2017tool,
  title={A tool for introducing computer science with automatic formative assessment},
  author={Benotti, Luciana and Martnez, Mara Cecilia and Schapachnik, Fernando},
  journal={IEEE Transactions on Learning Technologies},
  volume={11},
  number={2},
  pages={179--192},
  year={2017},
  publisher={IEEE}
}

@inproceedings{aguirre2018,
  title={Supporting a {MOOC} through a conversational agent},
  author={Aguirre, Cristina Catal{\'a}n and Kloos, Carlos Delgado and Alario-Hoyos, Carlos and Mu{\~n}oz-Merino, Pedro J},
  booktitle={International Symposium on Computers in Education},
  pages={1--6},
  year={2018},
}

@inproceedings{paschoal2019,
  title={Towards a Conversational Agent to Support the Software Testing Education},
  author={Paschoal, Leo Natan and Turci, Lucas Fernandes and Conte, Tayana Uch{\^o}a and Souza, Simone R. S. },
  booktitle={Brazilian Symposium on Software Engineering},
  pages={57--66},
  year={2019}
}

@article{krassmann2018,
  title={Conversational agents in distance education: comparing mood states with students’ perception},
  author={Krassmann, Aliane Loureiro and Paz, F{\'a}bio Josende and Silveira, Cl{\'o}vis and Tarouco, Liane Margarida Rockenbach and Bercht, Magda},
  journal={Creative Education},
  volume={9},
  number={11},
  pages={1726--1742},
  year={2018},
}

@inproceedings{paschoal2018,
  title={A Chatterbot Sensitive to Student's Context to Help on Software Engineering Education},
  author={Paschoal, Leo Natan and de Oliveira, Myke Morais and Chicon, Patricia Mariotto Mozzaquatro},
  booktitle={Latin American Computer Conference (CLEI)},
  pages={839--848},
  year={2018},
}



@book{wohlin2012,
  title={Experimentation in software engineering},
  author={Wohlin, Claes and Runeson, Per and H{\"o}st, Martin and Ohlsson, Magnus C and Regnell, Bj{\"o}rn and Wessl{\'e}n, Anders},
  year={2012},
  publisher={Springer Science \& Business Media}
}

@article{de2016experimentation,
  title={Experimentation with dynamic simulation models in software engineering: planning and reporting guidelines},
  author={Fran{\c{c}}a, B. B. N. and Travassos, G. H.},
  journal={Empirical Software Engineering},
  volume={21},
  number={3},
  pages={1302--1345},
  year={2016},
}

@inproceedings{jain2018evaluating,
  title={Evaluating and informing the design of chatbots},
  author={Jain, Mohit and Kumar, Pratyush and Kota, Ramachandra and Patel, Shwetak N},
  booktitle={Designing Interactive Systems Conference},
  pages={895--906},
  year={2018}
}

@inproceedings{norouzi2018,
  title={A systematic survey of 15 years of user studies published in the intelligent virtual agents conference},
  author={Norouzi, Nahal and Kim, Kangsoo and Hochreiter, Jason and Lee, Myungho and Daher, Salam and Bruder, Gerd and Welch, Greg},
  booktitle={IVA},
  pages={17--22},
  year={2018}
}

@MastersThesis{paschoal2019contribuiccoes,
  title={Contribui{\c{c}}{\~o}es ao ensino de teste de software com o modelo flipped classroom e um agente conversacional},
  author={Paschoal, Leo Natan},
  year={2019},
  school={USP},
}


@ARTICLE{Weizenbaum:1966,
  author = {Joseph Weizenbaum},
  title = {ELIZA - A Computer Program For the Study of Natural Language Communication Between Man and Machine},
  journal = {Communications of the ACM},
  year = {1966},
  volume = {9},
  number = {1},
  pages = {36-45},
  timestamp = {01/02/2018},
}

@ARTICLE{Turing:1950,
  author = {Alan Turing},
  title = {Computing machinery and intelligence},
  journal = {Mind},
  year = {1950},
  number = {59},
  pages = {433-460},
  timestamp = {13/02/2018}
}

@article{Bodnar:2016,
author = {Stephen Bodnar and Catia Cucchiarini and Helmer Strik and Roeland van Hout},
title = {Evaluating the motivational impact of CALL systems: current practices and future directions},
journal = {Computer Assisted Language Learning},
volume = {29},
number = {1},
pages = {186-212},
year  = {2016},
publisher = {Routledge},
}

@article{Huang:2013,
author = {Huang, Lu-Hui and Dow, Chyi-Ren and Li, Yi-Hsung and Hsuan, Pa},
title = {u-TA: A ubiquitous teaching assistant using knowledge retrieval and adaptive learning techniques},
journal = {Computer Applications in Engineering Education},
volume = {21},
number = {2},
pages = {245-255},
year = {2013},
}

@INPROCEEDINGS{4227535, 
author={P. Hsuan and C. Dow and K. Chen and Y. Chen and Y. Li}, 
booktitle={International Conference on Integration of Knowledge Intensive Multi-Agent Systems}, 
title={An Ubiquitous Teaching Assistant Using Knowledge Retrieval and Adaptive Learning Techniques}, 
year={2007}, 
pages={121-126}, 
}

@article{JIA2009249,
title = "CSIEC: A computer assisted English learning chatbot based on textual knowledge and reasoning",
journal = "Knowledge-Based Systems",
volume = "22",
number = "4",
pages = "249 - 255",
year = "2009",
author = "Jiyou Jia",
}

@INPROCEEDINGS{6806005, 
author={M. Hijjawi and Z. Bandar and K. Crockett and D. Mclean}, 
booktitle={2014 6th International Conference on Computer Science and Information Technology (CSIT)}, 
title={ArabChat: An Arabic Conversational Agent}, 
year={2014}, 
volume={}, 
number={}, 
pages={227-237}, 
}

@article{shawar2017,
  title={Integrating CALL Systems with Chatbots as Conversational Partners},
  author={Shawar, Bayan Abu},
  journal={Computaci{\'o}n y Sistemas},
  volume={21},
  number={4},
  pages={615–626},
  year={2017},
}

@article{rissoli2008sistema,
  title={Sistema tutor inteligente baseado na teoria da aprendizagem significativa com acompanhamento fuzzy},
  author={Rissoli, Vandor Roberto Vilardi and Giraffa, L{\'u}cia Maria Martins and de Paula Martins, Jeysel},
  journal={Inform{\'a}tica na educa{\c{c}}{\~a}o: teoria \& pr{\'a}tica},
  volume={9},
  number={2},
  pages={37-47},
  year={2008}
}

@InProceedings{Kerlyl:2007,
author="Kerlyl, Alice
and Hall, Phil
and Bull, Susan",
editor="Ellis, Richard
and Allen, Tony
and Tuson, Andrew",
title="Bringing Chatbots into education: Towards Natural Language Negotiation of Open Learner Models",
booktitle="Applications and Innovations in Intelligent Systems XIV",
year="2007",
publisher="Springer London",
address="London",
pages="179--192",
}

@Article{Graesser2016,
author="Graesser, Arthur C.",
title="Conversations with AutoTutor Help Students Learn",
journal="International Journal of Artificial Intelligence in Education",
year="2016",
volume="26",
number="1",
pages="124--132",
}

@InProceedings{Latham2012,
author="Latham, Annabel
and Crockett, Keeley
and McLean, David
and Edmonds, Bruce",
editor="Nguyen, Ngoc-Thanh",
title="Adaptive Tutoring in an Intelligent Conversational Agent System",
bookTitle="Transactions on Computational Collective Intelligence VIII",
year="2012",
publisher="Springer Berlin Heidelberg",
address="Berlin, Heidelberg",
pages="148--167",
}

@InProceedings{Latham:2011,
author="Latham, Annabel
and Crockett, Keeley
and McLean, David
and Edmonds, Bruce",
editor="O'Shea, James
and Nguyen, Ngoc Thanh
and Crockett, Keeley
and Howlett, Robert J.
and Jain, Lakhmi C.",
title="Oscar: An Intelligent Adaptive Conversational Agent Tutoring System",
booktitle="Agent and Multi-Agent Systems: Technologies and Applications",
year="2011",
publisher="Springer Berlin Heidelberg",
address="Berlin, Heidelberg",
pages="563--572",
}

@InProceedings{Kerry:2009,
author="Kerry, Alice
and Ellis, Richard
and Bull, Susan",
editor="Allen, Tony
and Ellis, Richard
and Petridis, Miltos",
title="Conversational Agents in E-Learning",
booktitle="Applications and Innovations in Intelligent Systems XVI",
year="2009",
publisher="Springer London",
address="London",
pages="169--182",
}

@INPROCEEDINGS{Paschoal:2018, 
	author={Leo Natan Paschoal and Myke Morais Oliveira and Patricia M. M. Chicon}, 
	booktitle={Latin American Computing Conference},
	title={A Chatterbot Sensitive to Student's Context to help on Software Engineering Education}, 
	year={2018}, 
	pages={1-10},
	timestamp = {13/02/2018}
}

@BOOK{Wohlin:2012,
  title = {Experimentation in Software Engineering},
  author = {Claes Wohlin AND Per Runeson AND Martin Hst AND Magnus C. Ohlsson	AND Bjrn Regnell AND Anders Wessln},
  publisher = {Springer Publishing Company, Incorporated},
  year = {2012},
  address = {New York City, USA},
  timestamp = {13/02/2018}
}

@InProceedings{Herpich:2016,
  author = {Fabricio Herpich and  Felipe Becker Nunes and Gleizer Bierhalz Voss and Roseclea Duarte Medina},
  title = {Three-Dimensional Virtual Environment and NPC: A Perspective about Intelligent Agents Ubiquitous},
  editor = {Francisco Milton Mendes Neto and Rafael de Souza and Alex Sandro Gomes},
  booktitle = {Handbook of Research on 3-D Virtual Environments and Hypermedia for Ubiquitous Learning},
  chapter = {21},
  pages = {510-536},
  publisher = {IGI Global},
  address = {Hershey, EUA},
  year = {2016},
  owner = {ACM},
  timestamp = {11/02/2018}
}

@ARTICLE{Paschoal:2017,
  author = {Leo Natan Paschoal and Patricia M. Mozzaquatro Chicon and Gilse Antoninha Morgental Falkembach},
  title = {Concepção, Implementação e Avaliação de um Agente Conversacional com Suporte à Aprendizagem Ubíqua},
  journal = {RENOTE - Revista Novas Tecnologias na Educação},
  year = {2017},
  volume = {15},
  number = {1},
  pages = {01-10},
  timestamp = {12/02/2018}
}

@INPROCEEDINGS{8524609, 
author={G. Molnár and Z. Szüts}, 
booktitle={International Symposium on Intelligent Systems and Informatics},
title={The Role of Chatbots in Formal Education}, 
year={2018}, 
pages={197-202}, 
}

@inproceedings{Benotti:2014,
 author = {Benotti, Luciana and Mart\'{\i}nez, Mar\'{\i}a Cecilia and Schapachnik, Fernando},
 title = {Engaging High School Students Using Chatbots},
 booktitle = {Conference on Innovation and Technology in Computer Science Education},
 year = {2014},
 pages = {63--68},

} 

@inproceedings{chan1988,
  title={Studying with the prince: The computer as a learning companion},
  author={Chan, Tak-Wai and Baskin, Arthur B},
  booktitle={International Conference on Intelligent Tutoring Systems},
  pages={194--200},
  year={1988}
}

@article{zapata2015,
  title={Authoring conversation-based assessment scenarios},
  author={Zapata-Rivera, Diego and Jackson, GT and Katz, I},
  journal={Design recommendations for intelligent tutoring systems},
  volume={3},
  pages={169--178},
  year={2015}
}

@article{GRAESSER2017,
title = "Assessment with computer agents that engage in conversational dialogues and trialogues with learners",
journal = "Computers in Human Behavior",
volume = "76",
pages = "607 - 616",
year = "2017",
author = "Arthur C. Graesser and Zhiqiang Cai and Brent Morgan and Lijia Wang",
}

@article{Arthur:2014,
author = {Arthur C. Graesser and Haiying Li and Carol Forsyth},
title ={Learning by Communicating in Natural Language With Conversational Agents},
journal = {Current Directions in Psychological Science},
volume = {23},
number = {5},
pages = {374-380},
year = {2014},
}


@article{Isotani:2018,
	author = {Ig Bittencourt and Seiji Isotani},
	title = {Evidence-based Computers in Education: A Manifesto},
	journal = {Brazilian Journal of Computers in Education},
	volume = {26},
	number = {03},
	pages={108-119},
	year = {2018},
}

@inproceedings{moraes2016,
  title={Prototipa{\c{c}}{\~a}o de Chatterbots como M{\'e}todo de Aprendizagem em Cursos de Computa{\c{c}}{\~a}o: uma experi{\^e}ncia em sala de aula},
  author={Moraes, Silvia and Santos, Andre and Redecker, Matheus},
  booktitle={Workshop de Inform{\'a}tica na Escola},
  pages={91-100},
  year={2016}
}

@article{Silvana,
title = "Empirical research on concurrent software testing: A systematic mapping study",
journal = "Information and Software Technology",
volume = "105",
pages = "226 - 251",
year = "2019",
author = "Silvana M. Melo and Jeffrey C. Carver and Paulo S.L. Souza and Simone R.S. Souza",
}

@Article{Girvan2018,
author="Girvan, Carina",
title="What is a virtual world? Definition and classification",
journal="Educational Technology Research and Development",
year="2018",
month="Oct",
day="01",
volume="66",
number="5",
pages="1087--1100",
}

@article{Pimentel:2018,
	author = {Mariano Pimentel},
	title = {A Computer Science Researcher Looking for a Way to ThinkDo the Research on Computers in Education},
	journal = {Brazilian Journal of Computers in Education},
	volume = {26},
	number = {01},
	year = {2018},
	pages={51-69},
}

@inproceedings{Jaques:2017,
  title={Qualidade da Pesquisa Cient{\i}fica Brasileira em Inform{\'a}tica na Educa{\c{c}} ao: Desafios e Perspectivas},
  author={Jaques, Patricia A and Siqueira, Sean and Bittencourt, Ig I and Isotani, Seiji},
  year={2017},
   booktitle={Workshop de Desafios da Computação aplicada a Educação.},
  pages={1-7},
  
}

@INPROCEEDINGS{Uschold:1996,
    author = {Mike Uschold},
    title = {Building Ontologies: Towards a Unified Methodology},
    booktitle = {Annual Conf. of the British Computer Society Specialist Group on Expert Systems},
    year = {1996},
    pages = {16--18}
}

@Article{Reshmi2016,
author="Reshmi, S.
and Balakrishnan, Kannan",
title="Implementation of an inquisitive chatbot for database supported knowledge bases",
journal="S{\={a}}dhan{\={a}}",
year="2016",
volume="41",
number="10",
pages="1173--1178",
}

@inproceedings{Gerosa,
 author = {Chaves, Ana Paula and Gerosa, Marco Aurelio},
 title = {Single or Multiple Conversational Agents?: An Interactional Coherence Comparison},
 booktitle = {ACM Conference on Human Factors in Computing Systems},
 year = {2018},
 pages = {191:1--191:13},
} 

@inproceedings{Leonhardt:2007,
  author = {Michelle Denise Leonhardt AND Liane Tarouco AND Rosa Maria Vicari AND Elder Rizzon Santos AND Michele dos Santos da Silva},
  title = {Using Chatbots for Network Management Training through Problem-based Oriented Education},
  booktitle = {International Conference on Advanced Learning Technologies},
  year = {2007},
  pages = {845-847},
  timestamp = {12/02/2018},
}

@MASTERSTHESIS{Lemos:2011,
  author = {Elizama Chagas Lemos},
  title = {Desenvolvimento de Chatterbots Educacionais: um estudo de caso voltado ao ensino de Algoritmos},
  school = {Universidade Federal do Rio Grande do Norte},
  year = {2011},
  address = {Bambuí},
  owner = {marcos},
  timestamp = {05/06/2012}
}

@inproceedings{Silveira:2010,
  author = {José L. Silveira and Marcello Thiry},
  title = {Desenvolvimento de um Chatterbot para Área de Medição de Software},
  booktitle = {Computer on the Beach},
  pages={87-91},
  year = {2010},
  timestamp = {12/02/2018}
}

@inproceedings{Rosa:2017,
  title={Ensino de testes de software por meio de digital Storytelling e Chatterbots},
  author={Luis Henrique Carvalho Rosa AND Eduardo Lemos AND Giliane Bernardi AND Roseclea Medina},
  booktitle={Simpósio Brasileiro de Informática na Educação},
  pages={797--806},
  year = {2017},
  timestamp = {12/02/2018}
}

@BOOK{Rios:2013,
  title = {Teste de Software},
  author = {E. Rios and T. Moreira},
  publisher = {Alta Books},
  year = {2013},
  address = {Rio de Janeiro},
  timestamp = {12/02/2018}
}

 @INBOOK{Sommerville:2016,
  author = {I. Sommerville},
  title = {Software testing},
  editor = {I. Sommerville},
  booktitle = {Software Engineering},
  chapter = {8},
  pages = {144-163},
  publisher = {Pearson Addison-Wesley},
  address = {Boston, Massachusetts, EUA},
  year = {2016},
  timestamp = {10/02/2018}
}

@book{Pressman:2016,
  title={Engenharia de Software-8{\textordfeminine} Edi{\c{c}}{\~a}o},
  author={Roger Pressman and Bruce Maxim},
  year={2016},
  publisher={McGraw Hill Brasil},
  address = {São Paulo, Brasil},
  timestamp = {12/02/2018}
}

@MASTERSTHESIS{Boss:2014,
  author = {A. S. Bos},
  title = {A.G.I.M.C: Agente Inteligente Conversacional Como Guia Em Um Museu Virtual 3D da Computação},
 school = {Centro de Tecnologia - Universidade Federal de Santa Maria},
  year = {2014},
  address = {Santa Maria},
  owner = {Andrade},
  timestamp = {25/12/2017}
}

@MASTERSTHESIS{Herpich:2015,
  author = {F. Herpich},
  title = { ELAI: Intelligent Agent adaptive to the Level of Expertise of Students},
 school = {Centro de Tecnologia - Universidade Federal de Santa Maria},
  year = {2015},
  address = {Santa Maria},
  owner = {Andrade},
  timestamp = {25/12/2017}
}


@ARTICLE{8155004, 
author={S. Schlögl and G. Doherty and S. Luz}, 
journal={Interacting with Computers}, 
title={Wizard of Oz Experimentation for Language Technology Applications: Challenges and Tools}, 
year={2015}, 
volume={27}, 
number={6}, 
pages={592-615}, 
}

@article{KERLY2007177,
title = "Bringing chatbots into education: Towards natural language negotiation of open learner models",
journal = "Knowledge-Based Systems",
volume = "20",
number = "2",
pages = "177 - 185",
year = "2007",
author = "Alice Kerly and Phil Hall and Susan Bull",
}

@article{Gould:1983,
 author = {Gould, John D. and Conti, John and Hovanyecz, Todd},
 title = {Composing Letters with a Simulated Listening Typewriter},
 journal = {Communications of the ACM},
 volume = {26},
 number = {4},
 year = {1983},
 pages = {295--308},
 publisher = {ACM},
 address = {New York, NY, USA},
 keywords = {listening typewriter},
} 

@article{KERLY2008238,
title = "CALMsystem: A Conversational Agent for Learner Modelling",
journal = "Knowledge-Based Systems",
volume = "21",
number = "3",
pages = "238 - 246",
year = "2008",
author = "Alice Kerly and Richard Ellis and Susan Bull",
}

@INPROCEEDINGS{5345904, 
author={V. Hung and M. Elvir and A. Gonzalez and R. DeMara}, 
booktitle={IEEE International Conference on Systems, Man and Cybernetics}, 
title={Towards a method for evaluating naturalness in conversational dialog systems}, 
year={2009}, 
pages={1236-1241}, 
}

@article{BORGES2016124,
title = "Reduced GUI for an interactive geometry software: Does it affect students' performance?",
journal = "Computers in Human Behavior",
volume = "54",
pages = "124 - 133",
year = "2016",
author = "Simone S. Borges and Helena Macedo Reis and Leonardo B. Marques and Vinicius H.S. Durelli and Ig Ibert Bittencourt and Patrícia A. Jaques and Seiji Isotani",
}

@misc{Lilian,
  author = {Lilian Passos Scatalon},
  title = {Subsídios à Condução de Experimentos no Ensino de Fundamentos de Programação},
  note    = {Qualificação de Doutorado, Instituto de Ciências Matemáticas e de Computação, Universidade de São Paulo, São Carlos, Brasil},
  type = {Doutorado},
  year = {2015},
  address = {São Carlos},
  timestamp = {05/03/2018}
}

@article{USMAN201743,
title = "Taxonomies in software engineering: A Systematic mapping study and a revised taxonomy development method",
journal = "Information and Software Technology",
volume = "85",
pages = "43 - 59",
year = "2017",
author = "Muhammad Usman and Ricardo Britto and Jürgen Börstler and Emilia Mendes",
}

@Article{Bayona2014,
author="Bayona-Or{\'e}, Sussy
and Calvo-Manzano, Jose A.
and Cuevas, Gonzalo
and San-Feliu, Tomas",
title="Critical success factors taxonomy for software process deployment",
journal="Software Quality Journal",
year="2014",
volume="22",
number="1",
pages="21--48",
}

@article{VESSEY2005245,
title = "A unified classification system for research in the computing disciplines",
journal = "Information and Software Technology",
volume = "47",
number = "4",
pages = "245 - 255",
year = "2005",
author = "Iris Vessey and V. Ramesh and Robert L. Glass",
}

@Article{Smite2014,
author="{\v{S}}mite, Darja
and Wohlin, Claes
and Galvi{\c{n}}a, Zane
and Prikladnicki, Rafael",
title="An empirically based terminology and taxonomy for global software engineering",
journal="Empirical Software Engineering",
year="2014",
volume="19",
number="1",
pages="105--153",
}

@article{Unterkalmsteiner:2014,
 author = {Unterkalmsteiner, M. and Feldt, R. and Gorschek, T.},
 title = {A Taxonomy for Requirements Engineering and Software Test Alignment},
 journal = {ACM Transactions on Software Engineering and Methodology },
 volume = {23},
 number = {2},
 year = {2014},
 pages = {16:1--16:38},
 publisher = {ACM},
 address = {New York, NY, USA},
} 

@INPROCEEDINGS{6319254, 
author={T. E. J. Vos and B. Marín and M. J. Escalona and A. Marchetto}, 
booktitle={ICQS}, 
title={A Methodological Framework for Evaluating Software Testing Techniques and Tools}, 
year={2012}, 
pages={230-239}, 
}

@TECHREPORT{kitchenham2004,
  title={Procedures for performing systematic reviews},
  author={Kitchenham, Barbara},
  journal={Keele, UK, Keele University},
  pages={1--26},
  year={2004}
}

@inproceedings{Petersen:2008,
 author = {Petersen, Kai and Feldt, Robert and Mujtaba, Shahid and Mattsson, Michael},
 title = {Systematic Mapping Studies in Software Engineering},
 booktitle = {International Conference on Evaluation and Assessment in Software Engineering},
 year = {2008},
 pages = {68--77},
 timestamp = {12/02/2018}
} 

 @ARTICLE{Petersen:2015,
  author = {Kai Petersen and Sairam Vakkalanka and Ludwik Kuzniarz},
  title = {Guidelines for conducting systematic mapping studies in software engineering: An update},
  journal = {Information and Software Technology},
  year = {2015},
  volume = {64},
  number = {1},
  pages = {1 - 18},
  timestamp = {22/02/2018}
}

@TECHREPORT{Kasunic:2005,
  author = {Mark Kasunic},
  title = {Designing an effective survey},
  organization = {Carnegie Mellon University},
  year = {2005},
  address = {Pittsburgh, Pensilvânia, EUA},
  owner = {Carnegie Mellon University},
  timestamp = {12/02/2018}
}

@INPROCEEDINGS{4492892, 
author={G. H. Travassos and P. S. M. d. Santos and P. G. Mian and A. C. D. Neto and J. Biolchini}, 
booktitle={International Conference on Engineering of Complex Computer Systems}, 
title={An Environment to Support Large Scale Experimentation in Software Engineering}, 
year={2008}, 
pages={193-202}, 
}

@book{Runeson:2012,
 author = {Runeson, Per and Host, Martin and Rainer, Austen and Regnell, Bjorn},
 title = {Case Study Research in Software Engineering: Guidelines and Examples},
 year = {2012},
 isbn = {1118104358, 9781118104354},
 edition = {1st},
 publisher = {Wiley Publishing},
} 


@article{Lopez:1999,
 author = {L\'{o}pez, Mariano Fern\'{a}ndez and G\'{o}mez-P{\'e}rez, Asunci\'{o}n and Sierra, Juan Pazos and Sierra, Alejandro Pazos},
 title = {Building a Chemical Ontology Using Methontology and the Ontology Design Environment},
 journal = {IEEE Intelligent Systems},
 volume = {14},
 number = {1},
 year = {1999},
 issn = {1541-1672},
 pages = {37--46},
 publisher = {IEEE Educational Activities Department},
 address = {Piscataway, NJ, USA},
} 

@Article{Pinto2004,
author="Pinto, Helena Sofia
and Martins, Jo{\~a}o P.",
title="Ontologies: How can They be Built?",
journal="Knowledge and Information Systems",
year="2004",
volume="6",
number="4",
pages="441--464",
}

@article{GRUBER1993199,
title = "A translation approach to portable ontology specifications",
journal = "Knowledge Acquisition",
volume = "5",
number = "2",
pages = "199 - 220",
year = "1993",
author = "Thomas R. Gruber",
}

@InProceedings{Io:2019,
author="Io, Hio Nam
and Lee, Chang Boon",
editor="Arai, Kohei
and Kapoor, Supriya
and Bhatia, Rahul",
title="Understanding the Adoption of Chatbot",
booktitle="Advances in Information and Communication Networks",
year="2019",
publisher="Springer International Publishing",
address="Cham",
pages="632--643",
}

@article{Lee:2018,
author = {Lee, Yu-Hao and Xiao, Min and Wells, Robert H.},
title = {The Effects of Avatars' Age on Older Adults' Self-Disclosure and Trust},
journal = {Cyberpsychology, Behavior, and Social Networking},
volume = {21},
number = {3},
pages = {173-178},
year = {2018},
}

@InProceedings{Koda:2017,
author="Koda, Tomoko
and Ishioh, Takuto
and Watanabe, Takafumi
and Kubo, Yoshihiko",
editor="van den Herik, Jaap
and Filipe, Joaquim",
title="Perception of Masculinity and Femininity of Agent's Appearance and Self-adaptors",
booktitle="Agents and Artificial Intelligence",
year="2017",
publisher="Springer International Publishing",
address="Cham",
pages="3--18",
}

@article{SCHUETZLER201894,
title = "The influence of conversational agent embodiment and conversational relevance on socially desirable responding",
journal = "Decision Support Systems",
volume = "114",
pages = "94 - 102",
year = "2018",
author = "Ryan M. Schuetzler and Justin Scott Giboney and G. Mark Grimes and Jay F. Nunamaker",
}

@MASTERSTHESIS{Wilkens:2016,
  author = {Wilkens, Rodrigo Souza},
  title = {A study of the use of Natural Language Processing for Conversational Agents},
  school = {Instituto de Informática, Universidade Federal do Rio Grande do Sul},
  year = {2016},
  address = {Porto Alegre},
  owner = {Prado},
  timestamp = {25/12/2017}
}

@article{McDuff:2018,
 author = {McDuff, Daniel and Czerwinski, Mary},
 title = {Designing Emotionally Sentient Agents},
 journal = {Communications of the ACM},
 issue_date = {December 2018},
 volume = {61},
 number = {12},
 year = {2018},
 pages = {74--83},
 publisher = {ACM},
 address = {New York, NY, USA},
} 

@inproceedings{Zhang:2018,
 author = {Zhang, Zhe and Bickmore, Timothy},
 title = {Medical Shared Decision Making with a Virtual Agent},
 booktitle = {International Conference on Intelligent Virtual Agents},
 year = {2018},
 pages = {113--118},
} 

@ARTICLE{8409918, 
author={S. Pérez-Soler and E. Guerra and J. de Lara}, 
journal={IEEE Software}, 
title={Collaborative Modeling and Group Decision Making Using Chatbots in Social Networks}, 
year={2018}, 
volume={35}, 
number={6}, 
pages={48-54}, 
month={November},}

@inproceedings{Querrec:2018,
 author = {Querrec, Ronan and Taoum, Joanna and Nakhal, Bilal and Bevacqua, Elisabetta},
 title = {Model for Verbal Interaction Between an Embodied Tutor and a Learner in Virtual Environments},
 booktitle = {International Conference on Intelligent Virtual Agents},
 year = {2018},
 pages = {197--202},
 numpages = {6},
}

@inproceedings{shawar2005,
  title={Faqchat as in information retrieval system},
  author={Shawar, Abu and Atwell, Eric and Roberts, Andrew},
  booktitle={Human Language Technologies as a Challenge for Computer Science and Linguistics},
  pages={274--278},
  year={2005},
  organization={Poznań: Wydawnictwo Poznańskie: with co-operation of Fundacja Uniwersytetu~…}
}

@article{doshi2017,
  title={Artificial Intelligence Chatbot in Android System using Open Source Program-O},
  author={Doshi, Sarthak V and Pawar, Suprabha B and Shelar, Akshay G and Kulkarni, Shraddha S},
  journal={International Journal of Advanced Research in Computer and Communication Engineering},
  volume={6},
  number={4},
  year={2017}
}

@article{Shaikh:2015,
  title={Survey on chatbot design techniques in speech conversation systems},
  author={Ayesha Shaikh and Geetanjali Phalke and Pranita Patil AND Sangita Bhosale AND Jyoti Raghatwan},
  journal={Journal of Advanced Computer Science and Applications},
  volume={6},
  number={7},
  year={2015}
}

@PHDTHESIS{Santos:2009,
  author = {L. M. A. Santos},
  title = {A inserção de um agente conversacional animado em um ambiente virtual de aprendizagem a partir da teoria da carga cognitiva},
  school = {Centro de Estudos Interdisciplinares em Novas Tecnologias da Educação, Universidade Federal do Rio Grande do Sul},
  year = {2009},
  address = {Porto Alegre, Rio Grande do Sul, Brasil},
  timestamp = {21/12/2017}
}

@INPROCEEDINGS{730785, 
author={L. M. M. Giraffa and R. M. Viccari}, 
booktitle={International Conference of the Chilean Society of Computer Science}, 
title={The use of agents techniques on intelligent tutoring systems}, 
year={1998}, 
pages={76-83}, 
}

@INPROCEEDINGS{Barros:2016,
  author = {F. Barros and P. Tedesco},
  title = {Agentes Inteligentes Conversacionais: Conceitos Básicos e Desenvolvimento},
  organization = {Jornada de Atualização em Informática - Congresso da Sociedade Brasileira de Computação},
  year = {2016},
  address = {Porto Alegre, Rio Grande do Sul, Brasil},
  owner = {marcos},
  timestamp = {10/07/2016}
}

@incollection{gulz2011building,
  title={Building a social conversational pedagogical agent: Design challenges and methodological approaches},
  author={Gulz, Agneta and Haake, Magnus and Silvervarg, Annika and Sj{\"o}d{\'e}n, Bj{\"o}rn and Veletsianos, George},
  booktitle={Conversational agents and natural language interaction: Techniques and effective practices},
  pages={128--155},
  year={2011},
}

@article{Nimavat:2017,
  title={Chatbots: An Overview Types, Architecture, Tools and Future Possibilities},
  author={Ketakee Nimavat, Tushar Champaneria},
  journal={International Journal of Scientific Research and Development},
  volume={5},
  number={7},
  year={2017},
  pages={1019-1026},
}

@InProceedings{Franklin,
author="Franklin, Stan
and Graesser, Art",
editor="M{\"u}ller, J{\"o}rg P.
and Wooldridge, Michael J.
and Jennings, Nicholas R.",
title="Is It an agent, or just a program?: A taxonomy for autonomous agents",
booktitle="Intelligent Agents III Agent Theories, Architectures, and Languages",
year="1997",
publisher="Springer Berlin Heidelberg",
address="Berlin, Heidelberg",
pages="21--35",
}

@inproceedings{shawar2007chatbots,
  title={Chatbots: are they really useful?},
  author={Shawar, Bayan Abu and Atwell, Eric},
  booktitle={Ldv Forum},
  volume={22},
  number={1},
  pages={29--49},
  year={2007}
}

@inproceedings{danilava2012,
  title={Artificial conversational companions a requirements analysis},
  author={Danilava, Sviatlana and Busemann, Stephan and Schommer, Christoph},
  booktitle={International Conference on Agents and Artificial Intelligence},
  pages={282--289},
  year={2012},
}

@ARTICLE{8341761, 
author={R. Hortensius and F. Hekele and E. S. Cross}, 
journal={IEEE Transactions on Cognitive and Developmental Systems}, 
title={The Perception of Emotion in Artificial Agents}, 
year={2018}, 
volume={10}, 
number={4}, 
pages={852-864}, 
month={Dec},}


@InProceedings{Majumder,
author="Majumder, Anirban
and Pande, Abhay
and Vonteru, Kondalarao
and Gangwar, Abhishek
and Maji, Subhadeep
and Bhatia, Pankaj
and Goyal, Pawan",
editor="Pasi, Gabriella
and Piwowarski, Benjamin
and Azzopardi, Leif
and Hanbury, Allan",
title="Automated Assistance in E-commerce: An Approach Based on Category-Sensitive Retrieval",
booktitle="Advances in Information Retrieval",
year="2018",
publisher="Springer International Publishing",
address="Cham",
pages="604--610",
}

@InProceedings{Dhvani,
author="Shah, Dhvani
and Philip, Thekkekara Joel",
editor="Pati, Bibudhendu
and Panigrahi, Chhabi Rani
and Misra, Sudip
and Pujari, Arun K.
and Bakshi, Sambit",
title="An Assistive Bot for Healthcare Using Deep Learning: Conversation-as-a-Service",
booktitle="Progress in Advanced Computing and Intelligent Engineering",
year="2019",
publisher="Springer Singapore",
address="Singapore",
pages="109--118",
}


@ARTICLE{Paschoal_2019,
  author = {Leo Natan Paschoal and	Aliane Loureiro Krassmann and Felipe Becker Nunes and	Simone do Rocio Senger de Souza},
  title = {Research on Conversational Agents in Education: an overview of studies conducted in the last decade},
  journal = {Informatics in Education (em avaliação)},
  year = {2019},
  volume = {18},
  number = {1},
  pages = {01-31},
  timestamp = {12/02/2018}
}



@inproceedings{Shull:2001,
 author = {Shull, Forrest and Carver, Jeffrey and Travassos, Guilherme H.},
 title = {An Empirical Methodology for Introducing Software Processes},
 booktitle = {International symposium on Foundations of software engineering},
 year = {2001},
 pages = {288--296},
} 

@ARTICLE{BICKMORE:2010,
  author = {T. W. Bickmore and L. M. Pfeifer and D. Byron and S. FORSYTHE and L. E. HENAULT and B. W. JACK and R. SILLIMAN and M. K. PAASCHE-ORLOW},
  title = {Usability of Conversational Agents by Patients with Inadequate Health Literacy: Evidence from Two Clinical Trials},
  journal = {Journal of Health Communication},
  year = {2010},
  volume = {15},
  number = {2},
  pages = {197-210},
  owner = {marcos},
  timestamp = {07/12/2015},
}

@inproceedings{Nunes:2016,
  title={Uma proposta de uso de agentes NPC nos Mundos Virtuais para recomendação de materiais},
  author={F. B. Nunes and M. C. ZUNGUZE and F. Herpich and L. M. R. Tarouco and J. V. Lima  },
  booktitle={Ciclo de Palestras Sobre Novas Tecnologias na Educação},
  pages={237-241},
  year = {2016},
  timestamp = {12/02/2018}
}


@article{DINCER201774,
title = "The effects of multiple-pedagogical agents on learners’ academic success, motivation, and cognitive load",
journal = "Computers \& Education",
volume = "111",
pages = "74 - 100",
year = "2017",
issn = "0360-1315",
author = "Serkan Dinçer and Ahmet Doğanay",
}


@ARTICLE{LeonhardtA:2003,
  author = {Michelle Denise Leonhardt AND Daiane Dorneles de Castro AND Renato Luís de Souza Dutra AND Liane Margarida Rockenbach Tarouco},
  title = {ELEKTRA: Um Chatterbot para Uso em Ambiente Educacional},
  journal = {RENOTE - Revista Novas Tecnologias na Educação},
  year = {2003},
  volume = {1},
  number = {2},
  pages = {01--10},
  owner = {RENOTE},
  timestamp = {12/02/2018}
}


@inproceedings{Klopfenstein:2017,
 author = {Klopfenstein, Lorenz Cuno and Delpriori, Saverio and Malatini, Silvia and Bogliolo, Alessandro},
 title = {The Rise of Bots: A Survey of Conversational Interfaces, Patterns, and Paradigms},
 booktitle = {Conference on Designing Interactive Systems},
 year = {2017},
 pages = {555--565},
} 

@inproceedings{Iftene:2016,
  title={Moocbuddy: a chatbot for personalized learning with moocs},
  author={Iftene, Adrian and Vanderdonckt, Jean},
  booktitle={International Conference on Human Computer Interaction},
  pages={91-94},
  year={2016}
}


@techreport{Travassos:2002,
  urlaccessdate = {07 dez. 2017},
  year={2002},
  address={Rio de Janeiro},
  author = {Guilherme Horta Travassos and Dmytro Gurov and Edgar Augusto Gurgel Amaral},
  title={Introdu{\c{c}}{\~a}o {\`a} engenharia de software experimental},
  timestamp = {07/12/2017}
}

@ARTICLE{799939, 
author={V. R. Basili and F. Shull and F. Lanubile}, 
journal={IEEE Transactions on Software Engineering}, 
title={Building knowledge through families of experiments}, 
year={1999}, 
volume={25}, 
number={4}, 
pages={456-473}, 
}

@ARTICLE{1027796, 
author={B. A. Kitchenham and S. L. Pfleeger and L. M. Pickard and P. W. Jones and D. C. Hoaglin and K. El Emam and J. Rosenberg}, 
journal={IEEE Transactions on Software Engineering}, 
title={Preliminary guidelines for empirical research in software engineering}, 
year={2002}, 
volume={28}, 
number={8}, 
pages={721-734}, }


@techreport{Conradi:2001,
     title = {A Pragmatic Documents Standard for an Experience Library: Roles,Documen, Contents and Structure},
     author = {R. Conradi and V. R. Basili and J. Carver and F. Shull and G. H. Travassos},
     year = {2001},
     institution = {University of Maryland},
}

@inproceedings{Sheard:2009,
 author = {Sheard, Judy and Simon, S. and Hamilton, Margaret and L\"{o}nnberg, Jan},
 title = {Analysis of Research into the Teaching and Learning of Programming},
 booktitle = {International workshop on Computing education research},
 year = {2009},
 pages = {93--104},
} 

@INPROCEEDINGS{7399324, 
author={M. S. Satu and M. H. Parvez and Shamim-Al-Mamun}, 
booktitle={International Conference on Computer and Information Engineering}, 
title={Review of integrated applications with AIML based chatbot}, 
year={2015}, 
pages={87-90}, 
}

@article{Kuyven:2018,
  title={Chatbots na educa{\c{c}}{\~a}o: uma Revis{\~a}o Sistem{\'a}tica da Literatura},
  author={Neiva Larisane Kuyven and Carlos Andr{\'e} Antunes and Vinicius Jo{\~a}o de Barros Vanzin and Jo{\~a}o Luis Tavares da Silva and Aliane Loureiro Krassmann and Liane Margarida Rockenbach Tarouco},
  journal={RENOTE. Revista Novas Tecnologias na Educação},
  volume={16},
  number={1},
  pages={1-10},
  year={2018},
}

@InProceedings{Lokman:2019,
author="Lokman, Abbas Saliimi
and Ameedeen, Mohamed Ariff",
editor="Arai, Kohei
and Bhatia, Rahul
and Kapoor, Supriya",
title="Modern Chatbot Systems: A Technical Review",
booktitle="Future Technologies Conference",
year="2019",
publisher="Springer International Publishing",
address="Cham",
pages="1012--1023",
}

@InProceedings{Masche,
author="Masche, Julia
and Le, Nguyen-Thinh",
editor="Le, Nguyen-Thinh
and van Do, Tien
and Nguyen, Ngoc Thanh
and Thi, Hoai An Le",
title="A Review of Technologies for Conversational Systems",
booktitle="Advanced Computational Methods for Knowledge Engineering",
year="2018",
publisher="Springer International Publishing",
address="Cham",
pages="212--225",
}

@INPROCEEDINGS{Aguiar:2014, 
author={E. V. B. Aguiar and L. M. R. Tarouco and E. Reategui}, 
booktitle={Hawaii International Conference on System Sciences}, 
title={Supporting Problem-Solving in Mathematics with a Conversational Agent Capable of Representing Gifted Students' Knowledge}, 
year={2014}, 
number={47}, 
pages={130-137}, 
}

@article{Kumar:2011,
	 author = {Kumar, Rohit and Rose, Carolyn P.},
	 title = {Architecture for Building Conversational Agents That Support Collaborative Learning},
	 journal = {IEEE Transactions on Learning Technologies},
	 volume = {4},
	 number = {1},
	 year = {2011},
	 pages = {21--34},
	 owner = {IEEE Computer Society Press},
	 timestamp = {12/02/2018}
 }

@INPROCEEDINGS{Massaro:2005,
  author = {D. W. Massaro AND S. Ouni AND M.M. Cohen AND R. Clark},
  title = {A Multilingual Embodied Conversational Agent},
  booktitle = {Annual Hawaii International Conference on System Science},
  pages={1-8},
  year = {2005},
  timestamp = {12/02/2018}
}

@INPROCEEDINGS{Halan:2014,
  author={S. Halan and B. Lok and I. Sia and M. Crary}, 
  title = {Virtual Agent Constructionism: Experiences from Health Professions Students Creating Virtual Conversational Agent Representations of Patients},
  booktitle = {International Conference on Advanced Learning Technologies},
  year = {2014},
  pages={249-253},
  timestamp = {11/02/2018}
}

@BOOK{Russell:2013,
  title = {Artificial Intelligence: A Modern Approach},
  author = {Stuart Russell and Peter Norvig},
  publisher = {Elsevier},
  year = {2013},
  address = {Rio de Janeiro},
  timestamp = {31/01/2018}
}

@INPROCEEDINGS{5066874, 
author={A. Augello and G. Pilato and G. Vassallo and S. Gaglio}, 
booktitle={International Conference on Complex, Intelligent and Software Intensive Systems}, 
title={A Semantic Layer on Semi-Structured Data Sources for Intuitive Chatbots}, 
year={2009}, 
pages={760-765}, 
}

@INPROCEEDINGS{Paschoal:2017T, 
author={Leo Natan Paschoal and S. R. S. Souza}, 
booktitle={Workshop on Theses and Dissertations of Brazilian Conference on Software: Theory and Practice}, 
title={Como Ensinar Teste de Software com Flipped Classroom?}, 
year={2018}, 
pages={46-52}, 
}

@incollection{FORTIER2003331,
title = "System Performance Evaluation Tool Selection and Use",
editor = "Paul J. Fortier and Howard E. Michel",
booktitle = "Computer Systems Performance Evaluation and Prediction",
publisher = "Digital Press",
address = "Burlington",
pages = "331 - 344",
year = "2003",
author = "Paul J. Fortier and Howard E. Michel"
}

@book{wieringa2014,
  title={Design science methodology for information systems and software engineering},
  author={Wieringa, R. J.},
  year={2014},
  publisher={Springer}
}

@article{Peffers:2007,
author = {Peffers, Ken and Tuunanen, Tuure and Rothenberger, Marcus and Chatterjee, Samir},
title = {A Design Science Research Methodology for Information Systems Research},
year = {2007},
volume = {24},
number = {3},
journal = {Journal of Management Information Systems},
month = dec,
pages = {45–77},
numpages = {33},
}


@techreport{Kitchenham07,
      author       = {B. Kitchenham and S. Charters}, 
      title        = {Guidelines for performing Systematic Literature Reviews in Software Engineering},
      institution  = {Keele University and University of Durham},
      year         = {2007},
      number       = {2.3},
      address      = {Keele, UK},
}

@INPROCEEDINGS{Gallis:2003,
  author={H. Gallis and E. Arisholm and T. Dyba},
  booktitle={International Symposium on Empirical Software Engineering}, 
  title={An initial framework for research on pair programming}, 
  year={2003},
  pages={132-142},
 }
 
 @PHDTHESIS{LilianTese:2019,
  author = {Lilian Passos Scatalon},
  title = {A framework for experimental studies on the integration of software testing into programming education},
  school = {Instituto de Ciências Matemáticas e de Computação, Universidade de São Paulo},
  year = {2019},
  address = {São Carlos, São Paulo, Brasil},
  timestamp = {21/12/2017}
}