@online{distributed-1,
  year = {2021},
  title = {Distributed computing},
  url = {https://www.ibm.com/docs/en/cics-ts/5.2?topic=programs-distributed-computing},
  urldate = {2022-03-05}
}

@book{distributed-3,
  title={Parallel Computing: Theory and Practice},
  author={Quinn, M.J.},
  isbn={9780070512948},
  lccn={lc93029813},
  series={Computer science series},
  url={https://books.google.com.co/books?id=RVFyQgAACAAJ},
  year={1994},
  publisher={McGraw-Hill}
}

@online{BOINC-1,
  year = {2002},
  title = {BOINC},
  url = {https://boinc.berkeley.edu/},
  urldate = {2022-03-05}
}

@online{distributed-4,
  year = {2017},
  title = {Distributed Computing (DCI)},
  url = {https://www.techopedia.com/definition/27502/distributed-computing-dci},
  urldate = {2022-03-05}
}

@online{Folding@home-1,
  year = {2000},
  title = {Folding Home},
  url = {https://foldingathome.org/?lng=en-US},
  urldate = {2022-03-05}
}



